@article{Villalonga2019,
author = {Villalonga, Benjamin and Lyakh, Dmitry and Boixo, Sergio and Neven, Hartmut and Humble, Travis S. and Biswas, Rupak and Rieffel, Eleanor G. and Ho, Alan and Mandr{\`{a}}, Salvatore},
pages = {1--11},
title = {{Establishing the Quantum Supremacy Frontier with a 281 Pflop/s Simulation}},
url = {http://arxiv.org/abs/1905.00444},
year = {2019},
archivePrefix = "arXiv",
eprint        = "1905.00444",
primaryClass  = "quant-ph",
}

@article{Gray2018,
author = {Gray, Johnnie},
doi = {10.21105/joss.00819},
journal = {Journal of Open Source Software},
number = {29},
pages = {819},
title = {{quimb: A python package for quantum information and many-body calculations}},
volume = {3},
year = {2018}
}

@article{Boixo2017,
archivePrefix = {arXiv},
author = {Boixo, Sergio and Isakov, Sergei V. and Smelyanskiy, Vadim N. and Neven, Hartmut},
eprint = {1712.05384},
pages = {1--12},
title = {{Simulation of low-depth quantum circuits as complex undirected graphical models}},
url = {http://arxiv.org/abs/1712.05384},
year = {2017}
}

@article{Cross2018,
archivePrefix = {arXiv},
author = {Cross, Andrew W. and Bishop, Lev S. and Sheldon, Sarah and Nation, Paul D. and Gambetta, Jay M.},
eprint = {1811.12926},
number = {2},
title = {{Validating quantum computers using randomized model circuits}},
url = {http://arxiv.org/abs/1811.12926},
volume = {2},
year = {2018}
}

@article{Darmawan2017,
author = {Darmawan, Andrew S. and Poulin, David},
doi = {10.1103/PhysRevLett.119.040502},
issn = {10797114},
journal = {Physical Review Letters},
number = {4},
pages = {1--5},
title = {{Tensor-Network Simulations of the Surface Code under Realistic Noise}},
volume = {119},
year = {2017}
}

@article{Markov2018,
archivePrefix = {arXiv},
author = {Markov, Igor L. and Fatima, Aneeqa and Isakov, Sergei V. and Boixo, Sergio},
eprint = {1807.10749},
pages = {1--32},
title = {{Quantum Supremacy Is Both Closer and Farther than It Appears}},
url = {http://arxiv.org/abs/1807.10749},
year = {2018}
}

@article{Lyakh2019,
author = {Lyakh, Dmitry I.},
doi = {10.1002/qua.25926},
issn = {1097461X},
journal = {International Journal of Quantum Chemistry},
number = {12},
pages = {1--19},
title = {{Domain-specific virtual processors as a portable programming and execution model for parallel computational workloads on modern heterogeneous high-performance computing architectures}},
volume = {119},
year = {2019}
}

@article{Chen2018,
archivePrefix = {arXiv},
author = {Chen, Jianxin and Zhang, Fang and Huang, Cupjin and Newman, Michael and Shi, Yaoyun},
eprint = {1805.01450},
pages = {1--12},
title = {{Classical Simulation of Intermediate-Size Quantum Circuits}},
url = {http://arxiv.org/abs/1805.01450},
year = {2018}
}

@article{Zhang2019,
archivePrefix = {arXiv},
author = {Zhang, Fang and Huang, Cupjin and Newman, Michael and Cai, Junjie and Yu, Huanjun and Tian, Zhengxiong and Yuan, Bo and Xu, Haihong and Wu, Junyin and Gao, Xun and Chen, Jianxin and Szegedy, Mario and Shi, Yaoyun},
eprint = {1907.11217},
pages = {1--5},
title = {{Alibaba Cloud Quantum Development Kit: Large-Scale Classical Simulation of Quantum Circuits}},
url = {http://arxiv.org/abs/1907.11217},
year = {2019}
}

@article{Villalonga2018,
archivePrefix = {arXiv},
author = {Villalonga, Benjamin and Boixo, Sergio and Nelson, Bron and Henze, Christopher and Rieffel, Eleanor and Biswas, Rupak and Mandr{\`{a}}, Salvatore},
eprint = {1811.09599},
pages = {1--21},
title = {{A flexible high-performance simulator for the verification and benchmarking of quantum circuits implemented on real hardware}},
url = {http://arxiv.org/abs/1811.09599},
year = {2018}
}

@article{McCaskey2018,
archivePrefix = {arXiv},
author = {McCaskey, Alexander and Dumitrescu, Eugene and Chen, Mengsu and Lyakh, Dmitry and Humble, Travis},
doi = {10.1371/journal.pone.0206704},
eprint = {arXiv:1807.07914v1},
issn = {19326203},
journal = {PLoS ONE},
number = {12},
pages = {1--10},
title = {{Validating quantum-classical programming models with tensor network simulations}},
volume = {13},
year = {2018}
}

@article{Milsted2019,
archivePrefix = {arXiv},
author = {Milsted, Ashley and Ganahl, Martin and Leichenauer, Stefan and Hidary, Jack and Vidal, Guifre},
eprint = {1905.01331},
pages = {1--7},
title = {{TensorNetwork on TensorFlow: A Spin Chain Application Using Tree Tensor Networks}},
url = {http://arxiv.org/abs/1905.01331},
year = {2019}
}

@article{Roberts2019,
archivePrefix = {arXiv},
author = {Roberts, Chase and Milsted, Ashley and Ganahl, Martin and Zalcman, Adam and Fontaine, Bruce and Zou, Yijian and Hidary, Jack and Vidal, Guifre and Leichenauer, Stefan},
eprint = {1905.01330},
pages = {1--11},
title = {{TensorNetwork: A Library for Physics and Machine Learning}},
url = {http://arxiv.org/abs/1905.01330},
year = {2019}
}

@article{Fried2018,
archivePrefix = {arXiv},
author = {Fried, E Schuyler and Sawaya, Nicolas P.D. and Cao, Yudong and Kivlichan, Ian D and Romero, Jhonathan and Aspuru-Guzik, Al{\'{a}}n},
doi = {10.1371/journal.pone.0208510},
eprint = {arXiv:1709.03636v2},
issn = {19326203},
journal = {PLoS ONE},
number = {12},
title = {{QTOrch: The quantum tensor contraction handler}},
volume = {13},
year = {2018}
}

@article{Pednault2017,
archivePrefix = {arXiv},
author = {Pednault, Edwin and Gunnels, John A. and Nannicini, Giacomo and Horesh, Lior and Magerlein, Thomas and Solomonik, Edgar and Draeger, Erik W. and Holland, Eric T. and Wisnieff, Robert},
eprint = {1710.05867},
pages = {1--29},
title = {{Breaking the 49-Qubit Barrier in the Simulation of Quantum Circuits}},
url = {http://arxiv.org/abs/1710.05867},
year = {2017}
}

@misc{cuTENSOR,
  author = {{NVIDIA Corporation}},
  title = {{cuTENSOR}: A High-Performance CUDA Library For Tensor Primitives},
  year = 2019,
  howpublished = {\url{https://docs.nvidia.com/cuda/cutensor/index.html}},
  note = {Accessed: 2019-02-10}
}